<record><leader>00000cas a22000007a 4500</leader><controlfield tag="001">11619807</controlfield><controlfield tag="008">850125d19771989txuwx ne      0   a0eng d</controlfield><datafield ind1=" " ind2=" " tag="010"><subfield code="a">sn 85000342 </subfield></datafield><datafield ind1=" " ind2=" " tag="040"><subfield code="a">NSD</subfield><subfield code="b">eng</subfield><subfield code="c">NSD</subfield><subfield code="d">PPM</subfield><subfield code="d">DLC</subfield><subfield code="d">NSD</subfield><subfield code="d">OCLCQ</subfield></datafield><datafield ind1=" " ind2=" " tag="012"><subfield code="j">1</subfield><subfield code="k">1</subfield><subfield code="m">d</subfield></datafield><datafield ind1="1" ind2=" " tag="022"><subfield code="a">8750-6572</subfield><subfield code="l">8750-6572</subfield><subfield code="2">1</subfield></datafield><datafield ind1=" " ind2=" " tag="037"><subfield code="b">Lipscomb County Limelight, 317 Main, Box 248, Follett, TX 79034</subfield></datafield><datafield ind1=" " ind2=" " tag="042"><subfield code="a">nsdp</subfield><subfield code="a">msc</subfield></datafield><datafield ind1=" " ind2="0" tag="222"><subfield code="a">Lipscomb County limelight</subfield></datafield><datafield ind1="0" ind2="0" tag="245"><subfield code="a">Lipscomb County limelight.</subfield></datafield><datafield ind1="1" ind2="3" tag="246"><subfield code="a">Limelight</subfield></datafield><datafield ind1=" " ind2=" " tag="260"><subfield code="a">Follett, Lipscomb County, Tex. :</subfield><subfield code="b">Jerry Hughes and Sandra Woods,</subfield></datafield><datafield ind1=" " ind2=" " tag="300"><subfield code="a">v.</subfield></datafield><datafield ind1=" " ind2=" " tag="310"><subfield code="a">Fifty-one no. a year</subfield></datafield><datafield ind1="0" ind2=" " tag="362"><subfield code="a">Vol. 65, no. 8 (Dec. 1, 1977)-</subfield></datafield><datafield ind1=" " ind2=" " tag="500"><subfield code="a">Publisher varies: Jerry Sinise, &lt;July 2, 1987-&gt;</subfield></datafield><datafield ind1=" " ind2=" " tag="752"><subfield code="a">United States</subfield><subfield code="b">Texas</subfield><subfield code="c">Lipscomb</subfield><subfield code="d">Follett.</subfield></datafield><datafield ind1="0" ind2="0" tag="785"><subfield code="t">Golden spread</subfield><subfield code="x">1046-8617</subfield><subfield code="w">(DLC)sn 89003140</subfield></datafield><datafield ind1=" " ind2=" " tag="936"><subfield code="a">Vol. 73, no. 18 (Thursday, May 5, 1988) LIC</subfield></datafield></record>